@misc{FFDataSite,
	title = {{Kenneth French's} Data Library},
	howpublished = {\url{http://mba.tuck.dartmouth.edu/pages/faculty/ken.french/data_library.html}},
	accessed = {December 2020}
}

@article{MvO,
	author = {M. Martens and A. van Oord},
	title = {Hedging the time-varying risk exposures of momentum returns},
	journal = {Journal of Empirical Finance},
	volume = {28},
	pages = {78-89},
	year = {2014}
}

@article{JT,
	author = {N. Jegadeesh and S. Titman},
	title = {Returns to Buying Winners and Selling Losers: Implications for Stock Market Efficiency},
	journal = {Journal of Finance},
	volume = {48},
	number = {1},
	pages = {65-91},
	year = {1993}
}

@book{Ang,
	author = {A. Ang},
	title = {Asset Management: A Systematic Approach to Factor Investing},
	series = {Financial Management Association Survey and Synthesis Series},
	publisher = {Oxford University Press},
	year = {2014}
}	

@article{DM,
	author = {K. Daniel and T. Moskowitz},
	title = {Momentum crashes},
	journal = {Journal of Financial Economics},
	volume = {122},
	pages = {221-247},
	year = {2016}
}


@article{MOP,
	author = {T. Moskowitz and Y. Ooi and L. Pedersen},
	title = {Time series momentum},
	journal = {Journal of Financial Economics},
	volume = {104},
	pages = {228-250},
	year = {2012}
}